@article{bizer_armenische_1969,
	title = {Die armenische Version und der griechisch-lateinische Text des pseudo-athanasianischen Dialogus de s. Trinitate IV},
	volume = {53},
	pages = {202-211},
	journaltitle = {Oriens Christianus},
	author = {Bizer, Christoph},
	date = {1969},
	keywords = {Alexandria, Armenisch, Athanasius, Pseudepigraphie, Pseudo-Athanasius}
}

@book{dattrino_il_1976,
	location = {Roma},
	title = {Il de trinitate pseudoatanasiano},
	number = {12},
	series = {Augustinianum. Studia},
	publisher = {Inst. Patristicum Augustinianum},
	author = {Dattrino, Lorenzo},
	date = {1976},
	keywords = {Pseudo-Athanasius}
}

@inbook{heron_pseudo-athanasian_1985,
	location = {Athen},
	title = {The Pseudo-Athanasian Works De Trinitate et spiritu sancto and De Incarnatione et contra Arianos: A Comparison},
	shorttitle = {The Pseudo-Athanasian Works De Trinutate et spiritu sancto and De Incarnatione et contra Arianos},
	pages = {281-298},
	booktitle = {Aksum Thyateira. A Festschrift for Archbishop Methodios of Thyateira and Great Britain},
	author = {Heron, Alasdair},
	editor = {Dragas, George D.},
	date = {1985},
	keywords = {Alexandria, Athanasius, Pseudepigraphie, Pseudo-Athanasius}
}